<?xml version="1.0" encoding="UTF-8"?>
<marc:collection xmlns:marc="http://www.loc.gov/MARC21/slim">
   <marc:record>
      <marc:leader>00000nam a2200000uu 4500</marc:leader>
      <marc:controlfield tag="001">(DE-1020)E998535450</marc:controlfield>
      <marc:controlfield tag="003">DE-1020</marc:controlfield>
      <marc:controlfield tag="005">20200401000000.0</marc:controlfield>
      <marc:controlfield tag="008">200401s2014    gw ||||  |||| 00||| ger|c</marc:controlfield>
      <marc:datafield tag="020" ind1=" " ind2=" ">
         <marc:subfield code="a">9783473327218</marc:subfield>
      </marc:datafield>
      <marc:datafield tag="020" ind1=" " ind2=" ">
         <marc:subfield code="a">3473327212</marc:subfield>
      </marc:datafield>
      <marc:datafield tag="040" ind1=" " ind2=" ">
         <marc:subfield code="a">DE-1020</marc:subfield>
         <marc:subfield code="b">ger</marc:subfield>
         <marc:subfield code="c">DE-605</marc:subfield>
      </marc:datafield>
      <marc:datafield tag="245" ind1=" " ind2=" ">
         <marc:subfield code="a">Weltraum</marc:subfield>
         <marc:subfield code="b">[mit ausklappbaren Entdecker-Seiten ; 8 - 12 Jahre]</marc:subfield>
         <marc:subfield code="c">[Text und Konzept: Stefan Greschik. Ill.: Jochen Windecker. Comic-Ill.: Billa Spiegelhauer. Fachl. Beratung:
Richard Bräucker]</marc:subfield>
      </marc:datafield>
      <marc:datafield tag="264" ind1=" " ind2="1">
         <marc:subfield code="a">Ravensburg</marc:subfield>
         <marc:subfield code="b">Ravensburger Buchverl.</marc:subfield>
         <marc:subfield code="c">2014</marc:subfield>
      </marc:datafield>
      <marc:datafield tag="300" ind1=" " ind2=" ">
         <marc:subfield code="a">54 S.</marc:subfield>
      </marc:datafield>
      <marc:datafield tag="924" ind1=" " ind2=" ">
         <marc:subfield code="b">DE-1020</marc:subfield>
         <marc:subfield code="c">NRW</marc:subfield>
      </marc:datafield>
   </marc:record>