
   <marc:record>
      <marc:leader>00000nam a2200000uu 4500</marc:leader>
      <marc:controlfield tag="001">(DE-1020)E998535454</marc:controlfield>
      <marc:controlfield tag="003">DE-1020</marc:controlfield>
      <marc:controlfield tag="005">20200401000000.0</marc:controlfield>
      <marc:controlfield tag="008">200401s2014    gw ||||  |||| 00||| ger|c</marc:controlfield>
      <marc:datafield tag="020" ind1=" " ind2=" ">
         <marc:subfield code="a">9783473328888</marc:subfield>
      </marc:datafield>
      <marc:datafield tag="020" ind1=" " ind2=" ">
         <marc:subfield code="a">347332888X</marc:subfield>
      </marc:datafield>
      <marc:datafield tag="040" ind1=" " ind2=" ">
         <marc:subfield code="a">DE-1020</marc:subfield>
         <marc:subfield code="b">ger</marc:subfield>
         <marc:subfield code="c">DE-605</marc:subfield>
      </marc:datafield>
      <marc:datafield tag="100" ind1="1" ind2=" ">
         <marc:subfield code="a">Nieländer, Peter</marc:subfield>
      </marc:datafield>
      <marc:datafield tag="245" ind1=" " ind2=" ">
         <marc:subfield code="a">Rund um den Fußball</marc:subfield>
         <marc:subfield code="c">[Ill. und Text: Peter Nieländer]</marc:subfield>
      </marc:datafield>
      <marc:datafield tag="264" ind1=" " ind2="1">
         <marc:subfield code="a">Ravensburg</marc:subfield>
         <marc:subfield code="b">Ravensburger Buchverl.</marc:subfield>
         <marc:subfield code="c">2014</marc:subfield>
      </marc:datafield>
      <marc:datafield tag="300" ind1=" " ind2=" ">
         <marc:subfield code="a">[16] S.</marc:subfield>
      </marc:datafield>
      <marc:datafield tag="924" ind1=" " ind2=" ">
         <marc:subfield code="b">DE-1020</marc:subfield>
         <marc:subfield code="c">NRW</marc:subfield>
      </marc:datafield>
   </marc:record>
</marc:collection>